@article{王舟1996,
  title={一种新的分形图像压缩编码方法},
  author={王舟 and 余英林},
  journal={通信学报},
  volume={17},
  number={3},
  pages={84--90},
  year={1996}
}

@book{贤武2000,
  title={数字图像处理与压缩编码技术},
  author={贤武 and 加俊 and 家华},
  year={2000},
  publisher={成都：电子科技大学出版社}
}
